
@InProceedings{singh96entropy,
  author = 	 {H. Singh and W. K. Stewart},
  title = 	 {An Entropic Framework for Sensor Modelling},
  booktitle = 	 {Proceedings of the MTS/IEEE Oceans 96 Conference},
   year = 	 {1996},
   OPTannote = 	 {}
}

@InProceedings{niculescu01adhoc,
  author = 	 {Dragos Niculescu and Badri Nath},
  title = 	 {Ad Hoc Positioning System (APS)},
  booktitle = 	 {IEEE GLOBECOM 2001},
 year = 	 {2001},
  address = 	 { San Antonio},
  month = 	 {Nov.},
   OPTannote = 	 {}
}

@article{stewart91remotesensing,
        AUTHOR = "Stewart, W.K.",
        TITLE = "Remote-Sensing Issues For Intelligent Underwater Systems",
        JOURNAL = "IEEE Computer Vision and Pattern Recognition or CVPR",
        YEAR = "1991",
        PAGES = "230-235"}

@Book{hofman01gps,
  author = 	 {B. Hofmann-Wellenhof and Herbert Lichtenegger and James Collins and Bernhard Hofman-Wellenhof},
  title = 	 {Global Positioning System: Theory and Practice },
  publisher = 	 {Springer Verlag Wien},
  year = 	 {2001},
  edition = 	 {5},
  annote = { seems to be _the_ gps reference }
}

